 @book{hopcroft_ullman_1995, title={Introduction to automata theory, languages, and computation}, publisher={CNIB}, author={Hopcroft, John and Ullman, Jeffrey D.}, year={1995}} 
